@online{gitlab1,
	author = {GitLab},
	title = {GitLab.com Database Incident},
	date = {2017-02-01},
	url = {https://about.gitlab.com/2017/02/01/gitlab-dot-com-database-incident/},
	organization = {GitLab},
	date = {02},
	month = {February},
	year = {2017},
	urldate = {2017-10-16}
}

@online{gitlab2,
	author = {GitLab},
	title = {Postmortem of database outage of January 31},
	date = {2017-02-10},
	url = {https://about.gitlab.com/2017/02/10/postmortem-of-database-outage-of-january-31/},
	organization = {GitLab},
	date = {10},
	month = {February},
	year = {2017},
	urldate = {2017-10-16}
}

@online{lomas,
	author = {Lomas, Natasha},
	title = {GitLab suffers major backup failure after data deletion incident},
	date = {2017-02-01},
	url = {https://techcrunch.com/2017/02/01/gitlab-suffers-major-backup-failure-after-data-deletion-incident/},
	organization = {TechCrunch},
	date = {01},
	month = {February},
	year = {2017},
	urldate = {2017-10-16}
}

@online{sharwood,
	author = {Sharwood, Simon},
	title = {GitLab.com melts down after wrong directory deleted, backups fail},
	date = {2017-02-01},
	url = {https://www.theregister.co.uk/2017/02/01/gitlab_data_loss/},
	organization = {The Register},
	date = {01},
	month = {February},
	year = {2017},
	urldate = {2017-10-16}
}

@online{ec2,
	author = {Amazon},
	title = {Amazon {EC2}},
	titleaddon = {Secure and resizable compute capacity in the cloud. Launch applications when needed without upfront commitments.},
	url = {https://aws.amazon.com/ec2/},
	year = {2017},
	urldate = {2017-10-24}
}

@online{ecs,
	author = {Amazon},
	title = {Amazon {EC2} {C}onatiner {S}ervice},
	titleaddon = {Run containerized applications in production},
	url = {https://aws.amazon.com/ecs/},
	year = {2017},
	urldate = {2017-10-24}
}

@online{docker,
	author = {Docker},
	title = {What is a Container},
	url = {https://www.docker.com/what-container},
	year = {2017},
	urldate = {2017-10-24}
}

@online{jenkins,
	author = {Jenkins},
	title = {Jenkins},
	titleaddon = {Build great things at any scale},
	url = {https://jenkins.io/},
	year = {2017},
	urldate = {2017-10-25}
}

